@article{wengert1964automatic,
  title={A Simple Automatic Derivative Evaluation Program},
  author={Wengert, RE},
  journal={Communications of the ACM},
  volume={7},
  number={8},
  pages={463--464},
  year={1964},
  publisher={ACM}
}

@article{baydin2018automatic,
  title={Automatic Differentiation in Machine Learning: A Survey},
  author={Baydin, Atılım G{\"u}ne{\c{s}} and Pearlmutter, Barak A and Radul, Alexey Andreyevich and Siskind, Jeffrey Mark},
  journal={Journal of Machine Learning Research},
  volume={18},
  number={153},
  pages={1--43},
  year={2018}
}

@misc{kahan1997ieee754,
  author       = {W. Kahan},
  title        = {Lecture Notes on the Status of IEEE Standard 754 for Binary Floating-Point Arithmetic},
  year         = {1997},
  note         = {Work in Progress: October 1, 1997, 3:36 am},
  institution  = {University of California, Berkeley},
  address      = {Berkeley CA 94720-1776}
}


@article{mortensen2016cython,
  title={High Performance Python for Direct Numerical Simulations of Turbulent Flows},
  author={Mortensen, Mikael and Langtangen, Hans Petter},
  journal={arXiv preprint arXiv:1602.03638},
  year={2016},
  url={https://arxiv.org/abs/1602.03638}
}

